% [1]	


@TechReport{capetri:thesis,
  author = 	 {C.A. Petri},
  title = 	 {Kommunikation mit Automaten.},
  institution =  {Institut f\"{u}r Instrumentelle Mathematik, Bonn},
  year = 	 1962,
  annote = 	 {Technical Report RADC-TR-65-377, Griffiths Air Force Base, New York, Vol. 1, Suppl. 1, 1966}
}

% [2]	


@Article{genrich:81,
  author = 	 {H.J. Genrich and K. Lautenbach},
  title = 	 {System Modelling with High level Petri Nets},
  journal = 	 {Theoretical Computer Science},
  year = 	 1981,
  volume = 	 13,
  pages = 	 {109-136},
  note = 	 {North-Holland}}

% [3]	


@Article{jensen:81,
  author = 	 {K. Jensen},
  title = 	 {Coloured Petri Nets and the Invariant Method},
  journal = 	 {Theoretical Computer Science},
  year = 	 1981,
  volume = 	 14,
  pages = 	 {317-336},
  note = 	 {North-Holland}}

% [4]	


@InCollection{huber:91,
  author = 	 {P. Huber and K. Jensen and R.M. Shapiro},
  title = 	 {Hierarchies in Coloured Petri Nets},
  booktitle = 	 {Advances in Petri Nets 1990},
  pages = 	 {313-341},
  publisher = {Springer},
  year = 	 1991,
  editor = 	 {G. Rozenberg},
  volume = 	 483,
  series = 	 {Lecture Notes in Computer Science}}

% [5]	


@Manual{jensen:cpnmanual,
  title = 	 {Design/CPN Reference Manual},
  key = 	 {jensen},
  author = 	 {{K. Jensen et. al.}},
  organization = {Meta Software and Computer Science Department, Aarhus University, Denmark},
  note = 	 {On-line version available at: www.daimi.au.dk/designCPN/}}

% [6]	


@Book{jensen:cpnvols,
  author = 	 {K. Jensen},
  title = 	 {Coloured Petri Nets. Vol. 1: Basic Concepts, Vol. 2: Analysis Methods, Vol. 3: Practical Use},
  publisher = 	 {Springer},
  year = 	 {1992-1997},
  note = 	 {Monographs in Theoretical Computer Science}}

. . . .

% [7]	


@Misc{cpnuse,
  author = 	 {Industrial Use of Coloured Petri Nets},
  note = 	 {www.cs.au.dk/CPnets/industrialex/}}

% [8]	


@Booklet{hcpnstandard,
  title = 	 {{ISO/IEC 15909-1:2004, Software and System Engineering - High-level Petri Nets - Part 1: Concepts, Definitions and Graphical notation}},
  author = 	 {J. Billington}}

% [9]


@Book{newcpnbook,
  author = 	 {K. Jensen and L.M. Kristensen},
  title = 	 {Coloured Petri Nets. Modelling and Validation of Concurrent Systems},
  publisher = 	 {Springer},
  year = 	 2009,
  note = 	 {Web-page: www.cs.au.dk/CPnets/cpnbook/}}



@Misc{cpntoolsweb,
  author = 	 {{CPN Tools}},
  title = 	 {Online documentation},
  note = 	 {http://cpntools.org/}}

@Misc{cpnmodel,
  author = 	 {{Two-Phase Commit CPN Model}},
  title = 	 {},
  note = 	 {http://www.cs.au.dk/CPnets/cpnbook/}
}

@ARTICLE{bowman:reasoning,
	AUTHOR = "Mic Bowman and Saumya K. Debray and Larry L. Peterson",
	TITLE = "Reasoning About Naming Systems",
	JOURNAL = "ACM Trans. Program. Lang. Syst.",
	VOLUME = {15},
	NUMBER = {5},
	PAGES = {795-825},
	MONTH = "November",
	YEAR = {1993}	}

@ARTICLE{braams:babel,
	AUTHOR = "Johannes Braams",
	TITLE = "Babel, a Multilingual Style-Option System for Use with LaTeX's Standard Document Styles",
	JOURNAL = {TUGboat},
	VOLUME = {12},
	NUMBER = {2},
	PAGES = {291-301},
	MONTH = "June",
	YEAR = {1991}	}

@INPROCEEDINGS{clark:pct,
	AUTHOR = "Malcolm Clark",
	TITLE = "Post Congress Tristesse",
	BOOKTITLE = "TeX90 Conference Proceedings",
	PAGES = "84-89",
	ORGANIZATION = "TeX Users Group",
	MONTH = "March", 
	YEAR = {1991}	}

@ARTICLE{herlihy:methodology,
	AUTHOR = "Maurice Herlihy",
	TITLE = "A Methodology for Implementing Highly Concurrent
	Data Objects",
	JOURNAL = {ACM Trans. Program. Lang. Syst.},
	VOLUME = {15},
	NUMBER = {5},
	PAGES = {745-770},
	MONTH = "November",
	YEAR = {1993}	}

@BOOK{Lamport:LaTeX,
	AUTHOR = "Leslie Lamport",
	TITLE = "LaTeX User's Guide and Document Reference Manual",
	PUBLISHER = "Addison-Wesley Publishing Company",
	ADDRESS = "Reading, Massachusetts",
	YEAR = "1986"	}

@BOOK{salas:calculus,
	AUTHOR = "S.L. Salas and Einar Hille",
	TITLE = "Calculus: One and Several Variable",
	PUBLISHER = "John Wiley and Sons",
	ADDRESS = "New York",
	YEAR = "1978"	}






